@inproceedings{a-javadi2020monitoring,
  title={Monitoring Misuse for Accountable'Artificial Intelligence as a Service'},
  author={Javadi, Seyyed Ahmad and Cloete, Richard and Cobbe, Jennifer and Lee, Michelle Seng Ah and Singh, Jatinder},
  booktitle={Proceedings of the AAAI/ACM Conference on AI, Ethics, and Society},
  pages={300--306},
  year={2020}
}


@inproceedings{ester1996density,
  title={A density-based algorithm for discovering clusters in large spatial databases with noise.},
  author={Ester, Martin and Kriegel, Hans-Peter and Sander, J{\"o}rg and Xu, Xiaowei and others},
  booktitle={Kdd},
  volume={96},
  number={34},
  pages={226--231},
  year={1996}
}


@inproceedings{biemann2006chinese,
  title={Chinese whispers-an efficient graph clustering algorithm and its application to natural language processing problems},
  author={Biemann, Chris},
  booktitle={Proceedings of TextGraphs: the First Workshop on Graph Based Methods for Natural Language Processing},
  pages={73--80},
  year={2006}
}
@inproceedings{liu2015faceattributes,
 title = {Deep Learning Face Attributes in the Wild},
 author = {Liu, Ziwei and Luo, Ping and Wang, Xiaogang and Tang, Xiaoou},
 booktitle = {Proceedings of International Conference on Computer Vision (ICCV)},
 month = {December},
 year = {2015} 
}
@article{phillips1998feret,
  title={The FERET database and evaluation procedure for face-recognition algorithms},
  author={Phillips, P Jonathon and Wechsler, Harry and Huang, Jeffery and Rauss, Patrick J},
  journal={Image and vision computing},
  volume={16},
  number={5},
  pages={295--306},
  year={1998},
  publisher={Elsevier}
}
@TechReport{LFWTech,
  author =       {Gary B. Huang and Manu Ramesh and Tamara Berg and 
                  Erik Learned-Miller},
  title =        {Labeled Faces in the Wild: A Database for Studying 
                  Face Recognition in Unconstrained Environments},
  institution =  {University of Massachusetts, Amherst},
  year =         2007,
  number =       {07-49},
  month =        {October}}
@article{DBLP:journals/corr/ZhangZL016,
  author    = {Kaipeng Zhang and
               Zhanpeng Zhang and
               Zhifeng Li and
               Yu Qiao},
  title     = {Joint Face Detection and Alignment using Multi-task Cascaded Convolutional
               Networks},
  journal   = {CoRR},
  volume    = {abs/1604.02878},
  year      = {2016},
  url       = {http://arxiv.org/abs/1604.02878},
  archivePrefix = {arXiv},
  eprint    = {1604.02878},
  timestamp = {Mon, 13 Aug 2018 16:46:42 +0200},
  biburl    = {https://dblp.org/rec/journals/corr/ZhangZL016.bib},
  bibsource = {dblp computer science bibliography, https://dblp.org}
}


@misc{davidsan69:online,
author = {David Sandberg},
title = {Face recognition using Tensorflow},
howpublished = {\url{https://github.com/davidsandberg/facenet}},
month = {April},
year = {2018},
note = {(Accessed on 04/24/2021)}
}
@inproceedings{schroff2015facenet,
  title={Facenet: A unified embedding for face recognition and clustering},
  author={Schroff, Florian and Kalenichenko, Dmitry and Philbin, James},
  booktitle={Proceedings of the IEEE conference on computer vision and pattern recognition},
  pages={815--823},
  year={2015}
}
@misc{nyokimtl39:online,
author = {Hiroki Taniai},
title = {Facenet implementation by Keras},
howpublished = {\url{https://github.com/nyoki-mtl/keras-facenet}},
month = {February},
year = {2018},
note = {(Accessed on 04/24/2021)}
}
@inproceedings{Guo2016MSCeleb1MAD,
    author = "Guo, Yandong and Zhang, Lei and Hu, Yuxiao and He, X. and Gao, Jianfeng",
    title = "MS-Celeb-1M: A Dataset and Benchmark for Large-Scale Face Recognition",
    booktitle = "ECCV",
    year = "2016"
}
@inproceedings{rahmah2016determination,
  title={Determination of optimal epsilon (eps) value on dbscan algorithm to clustering data on peatland hotspots in sumatra},
  author={Rahmah, Nadia and Sitanggang, Imas Sukaesih},
  booktitle={IOP conference series: earth and environmental science},
  volume={31},
  pages={012012},
  year={2016},
  organization={IOP Publishing}
}


@book{gates2011our,
  title={Our biometric future: Facial recognition technology and the culture of surveillance},
  author={Gates, Kelly A},
  volume={2},
  year={2011},
  publisher={NYU Press}
}


@misc{NISTStud33:online,
author = {NIST - US National Institute of Standards and Technology},
title = {NIST Study Evaluates Effects of Race, Age, Sex on Face Recognition Software},
howpublished = {\url{https://www.nist.gov/news-events/news/2019/12/nist-study-evaluates-effects-race-age-sex-face-recognition-software}},
month = {December},
year = {2019},
note = {(Accessed on 05/02/2021)}
}


@article{IBMsaysi68,
  title={IBM says it is no longer working on face recognition because it’s used for racial profiling},
  author={Jee, Charlotte},
  journal={ MIT Technology Review},
  volume={11},
  year={2020}
}
@article{greene2020microsoft,
  title={Microsoft won’t sell police its facial-recognition technology, following similar moves by Amazon and IBM},
  author={Greene, Jay},
  journal={Washington Post},
  volume={11},
  year={2020}
}
@misc{Weareimp80:online,
author = {Amazon Staff},
title = {We are implementing a one-year moratorium on police use of Rekognition},
howpublished = {\url{https://www.aboutamazon.com/news/policy-news-views/we-are-implementing-a-one-year-moratorium-on-police-use-of-rekognition}},
month = {June},
year = {2020},
note = {(Accessed on 05/02/2021)}
}
@article{otto2017clustering,
  title={Clustering millions of faces by identity},
  author={Otto, Charles and Wang, Dayong and Jain, Anil K},
  journal={IEEE transactions on pattern analysis and machine intelligence},
  volume={40},
  number={2},
  pages={289--303},
  year={2017},
  publisher={IEEE}
}


@article{jain2010data,
  title={Data clustering: 50 years beyond K-means},
  author={Jain, Anil K},
  journal={Pattern recognition letters},
  volume={31},
  number={8},
  pages={651--666},
  year={2010},
  publisher={Elsevier}
}

@article{dhanachandra2017survey,
  title={A survey on image segmentation methods using clustering techniques},
  author={Dhanachandra, Nameirakpam and Chanu, Yambem Jina},
  journal={European Journal of Engineering and Technology Research},
  volume={2},
  number={1},
  pages={15--20},
  year={2017}
}

@article{di2013clustering,
  title={Clustering and diversifying web search results with graph-based word sense induction},
  author={Di Marco, Antonio and Navigli, Roberto},
  journal={Computational Linguistics},
  volume={39},
  number={3},
  pages={709--754},
  year={2013},
  publisher={MIT Press}
}

@article{klip2019fuzzy,
  title={Fuzzy Face Clustering For Forensic Investigations},
  author={Klip, Roy},
  year={2019}
}


@article{vidgen2020directions,
  title={Directions in abusive language training data, a systematic review: Garbage in, garbage out},
  author={Vidgen, Bertie and Derczynski, Leon},
  journal={Plos one},
  volume={15},
  number={12},
  pages={e0243300},
  year={2020},
  publisher={Public Library of Science San Francisco, CA USA}
}


@inproceedings{davidson2017automated,
  title={Automated hate speech detection and the problem of offensive language},
  author={Davidson, Thomas and Warmsley, Dana and Macy, Michael and Weber, Ingmar},
  booktitle={Proceedings of the International AAAI Conference on Web and Social Media},
  volume={11},
  number={1},
  year={2017}
}
@inproceedings{founta2018large,
  title={Large scale crowdsourcing and characterization of twitter abusive behavior},
  author={Founta, Antigoni and Djouvas, Constantinos and Chatzakou, Despoina and Leontiadis, Ilias and Blackburn, Jeremy and Stringhini, Gianluca and Vakali, Athena and Sirivianos, Michael and Kourtellis, Nicolas},
  booktitle={Proceedings of the International AAAI Conference on Web and Social Media},
  volume={12},
  number={1},
  year={2018}
}


@article{de2018hate,
  title={Hate speech dataset from a white supremacy forum},
  author={de Gibert, Ona and Perez, Naiara and Garc{\'\i}a-Pablos, Aitor and Cuadros, Montse},
  journal={arXiv preprint arXiv:1809.04444},
  year={2018}
}
@InProceedings{waseem-hovy:2016:N16-2,
  author    = {Waseem, Zeerak  and  Hovy, Dirk},
  title     = {Hateful Symbols or Hateful People? Predictive Features for Hate Speech Detection on Twitter},
  booktitle = {Proceedings of the NAACL Student Research Workshop},
  month     = {June},
  year      = {2016},
  address   = {San Diego, California},
  publisher = {Association for Computational Linguistics},
  pages     = {88--93},
  url       = {http://www.aclweb.org/anthology/N16-2013}
}
@article{porter1997readings,
  title={Readings in information retrieval},
  author={Porter, Martin F},
  journal={San Francisco, CA, USA: Morgan Kaufmann Publishers Inc},
  pages={313--316},
  year={1997}
}
@inproceedings{rish2001empirical,
  title={An empirical study of the naive Bayes classifier},
  author={Rish, Irina and others},
  booktitle={IJCAI 2001 workshop on empirical methods in artificial intelligence},
  volume={3},
  pages={41--46},
  year={2001}
}
@misc{2020NLPS66:online,
author = {Gradient Flow},
title = {2020 NLP Survey Report},
howpublished = {\url{https://gradientflow.com/2020nlpsurvey/}},
month = {},
year = {},
note = {(Accessed on 04/28/2021)}
}
@misc{HATESPEE16:online,
author = {},
title = {HATE SPEECH | definition in the Cambridge English Dictionary},
howpublished = {\url{https://dictionary.cambridge.org/us/dictionary/english/hate-speech}},
month = {},
year = {},
note = {(Accessed on 04/28/2021)}
}
@article{hern2016facebook,
  title={Facebook, YouTube, Twitter and Microsoft sign EU hate speech code},
  author={Hern, Alex},
  journal={The Guardian},
  volume={31},
  year={2016}
}
@inproceedings{warner2012detecting,
  title={Detecting hate speech on the world wide web},
  author={Warner, William and Hirschberg, Julia},
  booktitle={Proceedings of the second workshop on language in social media},
  pages={19--26},
  year={2012}
}
@article{macavaney2019hate,
  title={Hate speech detection: Challenges and solutions},
  author={MacAvaney, Sean and Yao, Hao-Ren and Yang, Eugene and Russell, Katina and Goharian, Nazli and Frieder, Ophir},
  journal={PloS one},
  volume={14},
  number={8},
  pages={e0221152},
  year={2019},
  publisher={Public Library of Science San Francisco, CA USA}
}

@article{ross2017measuring,
  title={Measuring the reliability of hate speech annotations: The case of the european refugee crisis},
  author={Ross, Bj{\"o}rn and Rist, Michael and Carbonell, Guillermo and Cabrera, Benjamin and Kurowsky, Nils and Wojatzki, Michael},
  journal={arXiv preprint arXiv:1701.08118},
  year={2017}
}

@inproceedings{ramos2003using,
  title={Using tf-idf to determine word relevance in document queries},
  author={Ramos, Juan and others},
  booktitle={Proceedings of the first instructional conference on machine learning},
  volume={242},
  number={1},
  pages={29--48},
  year={2003},
  organization={Citeseer}
}

@inproceedings{hutto2014vader,
  title={Vader: A parsimonious rule-based model for sentiment analysis of social media text},
  author={Hutto, Clayton and Gilbert, Eric},
  booktitle={Proceedings of the International AAAI Conference on Web and Social Media},
  volume={8},
  number={1},
  year={2014}
}

@inproceedings{lehmann2012dynamical,
  title={Dynamical classes of collective attention in twitter},
  author={Lehmann, Janette and Gon{\c{c}}alves, Bruno and Ramasco, Jos{\'e} J and Cattuto, Ciro},
  booktitle={Proceedings of the 21st international conference on World Wide Web},
  pages={251--260},
  year={2012}
}


@inproceedings{shahrad2020serverless,
  title={Serverless in the wild: Characterizing and optimizing the serverless workload at a large cloud provider},
  author={Shahrad, Mohammad and Fonseca, Rodrigo and Goiri, {\'I}{\~n}igo and Chaudhry, Gohar and Batum, Paul and Cooke, Jason and Laureano, Eduardo and Tresness, Colby and Russinovich, Mark and Bianchini, Ricardo},
  booktitle={2020 $\{$USENIX$\}$ Annual Technical Conference ($\{$USENIX$\}$$\{$ATC$\}$ 20)},
  pages={205--218},
  year={2020}
}


@misc{AzurePub78:online,
author = {Microsoft},
title = {AzurePublicDataset},
howpublished = {\url{https://github.com/Azure/AzurePublicDataset/blob/master/AzureFunctionsDataset2019.md}},
month = {June},
year = {2020},
note = {(Accessed on 05/01/2021)}
}
@inproceedings{ester1996density,
  title={A density-based algorithm for discovering clusters in large spatial databases with noise.},
  author={Ester, Martin and Kriegel, Hans-Peter and Sander, J{\"o}rg and Xu, Xiaowei and others},
  booktitle={Kdd},
  volume={96},
  number={34},
  pages={226--231},
  year={1996}
}

